<?xml version="1.0" encoding="UTF-8"?><collection xmlns="http://www.loc.gov/MARC21/slim"><record><leader>00390nam--2200145-i-4500</leader><controlfield tag="001">000012268</controlfield><controlfield tag="002">20161230</controlfield><controlfield tag="005">20161230201029</controlfield><controlfield tag="008">060222s1000------------r-----000-0-eng-d</controlfield><datafield ind1=" " ind2=" " tag="080"><subfield code="a">621.37.029.6</subfield></datafield><datafield ind1=" " ind2=" " tag="100"><subfield code="a">Antonescu, Gr</subfield></datafield><datafield ind1=" " ind2=" " tag="245"><subfield code="a">Dispozitive semiconductoare pentru microunde</subfield></datafield><datafield ind1=" " ind2=" " tag="260"><subfield code="a">Bucuresti, Editura Tehnica, 1978 300 P</subfield></datafield><datafield ind1=" " ind2=" " tag="490"><subfield code="a">Seria  Electronica Aplicata</subfield></datafield><datafield ind1=" " ind2=" " tag="852"><subfield code="a">45234</subfield></datafield></record></collection>